<record xmlns="http://www.loc.gov/MARC21/slim" xmlns:xsi="http://www.w3.org/2001/XMLSchema-instance" xsi:schemaLocation="http://www.loc.gov/MARC21/slim http://www.loc.gov/standards/marcxml/schema/MARC21slim.xsd">

  <leader>00601nam a2200145Ia 4500</leader>
  <datafield ind1=" " tag="999" ind2=" ">
    <subfield code="c">957</subfield>
    <subfield code="d">957</subfield>
  </datafield>
  <controlfield tag="008">170912b1999    cr ||||| |||| 00| | spa d</controlfield>
  <datafield ind1=" " ind2=" " tag="020">
    <subfield code="a">997715085</subfield>
  </datafield>
  <datafield ind2=" " tag="090" ind1=" ">
    <subfield code="a">R 18.01.01 </subfield>
    <subfield code="b">1006</subfield>
  </datafield>
  <datafield ind1="2" ind2=" " tag="110">
    <subfield code="a">Sistema de Bibliotecas, Documentación e Información (SIBDI)</subfield>
    <subfield code="9">3181</subfield>
  </datafield>
  <datafield ind1="1" ind2="0" tag="245">
    <subfield code="a">Resúmenes de informes finales de proyectos de investigación adscritos a la Vicerrectoría de Investigación de la Universidad de Costa Rica /</subfield>
    <subfield code="c">Sistema de Bibliotecas, Documentación e Información (SIBDI)</subfield>
  </datafield>
  <datafield tag="260" ind2=" " ind1=" ">
    <subfield code="a">San José, Costa Rica : </subfield>
    <subfield code="b">Oficina de Publicaciones de la Universidad de Costa Rica, </subfield>
    <subfield code="c"> 1999</subfield>
  </datafield>
  <datafield tag="300" ind2=" " ind1=" ">
    <subfield code="a">97 páginas</subfield>
  </datafield>
  <datafield ind1="2" ind2=" " tag="610">
    <subfield code="a">UNIVERSIDAD DE COSTA RICA</subfield>
    <subfield code="9">714</subfield>
  </datafield>
  <datafield ind1="1" ind2="4" tag="650">
    <subfield code="a">INFORMES</subfield>
    <subfield code="9">267</subfield>
  </datafield>
  <datafield ind1=" " ind2=" " tag="942">
    <subfield code="2">z</subfield>
    <subfield code="c">01</subfield>
  </datafield>
</record>